%YAML 1.1
%TAG !u! tag:unity3d.com,2011:
--- !u!29 &1
OcclusionCullingSettings:
  m_ObjectHideFlags: 0
  serializedVersion: 2
  m_OcclusionBakeSettings:
    smallestOccluder: 5
    smallestHole: 0.25
    backfaceThreshold: 100
  m_SceneGUID: 00000000000000000000000000000000
  m_OcclusionCullingData: {fileID: 0}
--- !u!104 &2
RenderSettings:
  m_ObjectHideFlags: 0
  serializedVersion: 9
  m_Fog: 0
  m_FogColor: {r: 0.5, g: 0.5, b: 0.5, a: 1}
  m_FogMode: 3
  m_FogDensity: 0.01
  m_LinearFogStart: 0
  m_LinearFogEnd: 300
  m_AmbientSkyColor: {r: 0.212, g: 0.227, b: 0.259, a: 1}
  m_AmbientEquatorColor: {r: 0.114, g: 0.125, b: 0.133, a: 1}
  m_AmbientGroundColor: {r: 0.047, g: 0.043, b: 0.035, a: 1}
  m_AmbientIntensity: 1
  m_AmbientMode: 0
  m_SubtractiveShadowColor: {r: 0.42, g: 0.478, b: 0.627, a: 1}
  m_SkyboxMaterial: {fileID: 0}
  m_HaloStrength: 0.5
  m_FlareStrength: 1
  m_FlareFadeSpeed: 3
  m_HaloTexture: {fileID: 0}
  m_SpotCookie: {fileID: 10001, guid: 0000000000000000e000000000000000, type: 0}
  m_DefaultReflectionMode: 0
  m_DefaultReflectionResolution: 128
  m_ReflectionBounces: 1
  m_ReflectionIntensity: 1
  m_CustomReflection: {fileID: 0}
  m_Sun: {fileID: 0}
  m_IndirectSpecularColor: {r: 0, g: 0, b: 0, a: 1}
  m_UseRadianceAmbientProbe: 0
--- !u!157 &3
LightmapSettings:
  m_ObjectHideFlags: 0
  serializedVersion: 11
  m_GIWorkflowMode: 0
  m_GISettings:
    serializedVersion: 2
    m_BounceScale: 1
    m_IndirectOutputScale: 1
    m_AlbedoBoost: 1
    m_TemporalCoherenceThreshold: 1
    m_EnvironmentLightingMode: 0
    m_EnableBakedLightmaps: 1
    m_EnableRealtimeLightmaps: 1
  m_LightmapEditorSettings:
    serializedVersion: 10
    m_Resolution: 2
    m_BakeResolution: 40
    m_AtlasSize: 1024
    m_AO: 0
    m_AOMaxDistance: 1
    m_CompAOExponent: 1
    m_CompAOExponentDirect: 0
    m_Padding: 2
    m_LightmapParameters: {fileID: 0}
    m_LightmapsBakeMode: 1
    m_TextureCompression: 1
    m_FinalGather: 0
    m_FinalGatherFiltering: 1
    m_FinalGatherRayCount: 256
    m_ReflectionCompression: 2
    m_MixedBakeMode: 2
    m_BakeBackend: 0
    m_PVRSampling: 1
    m_PVRDirectSampleCount: 32
    m_PVRSampleCount: 500
    m_PVRBounces: 2
    m_PVRFilterTypeDirect: 0
    m_PVRFilterTypeIndirect: 0
    m_PVRFilterTypeAO: 0
    m_PVRFilteringMode: 1
    m_PVRCulling: 1
    m_PVRFilteringGaussRadiusDirect: 1
    m_PVRFilteringGaussRadiusIndirect: 5
    m_PVRFilteringGaussRadiusAO: 2
    m_PVRFilteringAtrousPositionSigmaDirect: 0.5
    m_PVRFilteringAtrousPositionSigmaIndirect: 2
    m_PVRFilteringAtrousPositionSigmaAO: 1
    m_ShowResolutionOverlay: 1
  m_LightingDataAsset: {fileID: 0}
  m_UseShadowmask: 1
--- !u!196 &4
NavMeshSettings:
  serializedVersion: 2
  m_ObjectHideFlags: 0
  m_BuildSettings:
    serializedVersion: 2
    agentTypeID: 0
    agentRadius: 0.5
    agentHeight: 2
    agentSlope: 45
    agentClimb: 0.4
    ledgeDropHeight: 0
    maxJumpAcrossDistance: 0
    minRegionArea: 2
    manualCellSize: 0
    cellSize: 0.16666667
    manualTileSize: 0
    tileSize: 256
    accuratePlacement: 0
    debug:
      m_Flags: 0
  m_NavMeshData: {fileID: 0}
--- !u!224 &15454655
RectTransform:
  m_ObjectHideFlags: 0
  m_PrefabParentObject: {fileID: 224924710837014072, guid: ea435e1887e371149a644a7ab083978d,
    type: 2}
  m_PrefabInternal: {fileID: 0}
  m_GameObject: {fileID: 560773927}
  m_LocalRotation: {x: 0, y: 0, z: 0, w: 1}
  m_LocalPosition: {x: 0, y: 0, z: 0}
  m_LocalScale: {x: 0, y: 0, z: 0}
  m_Children:
  - {fileID: 140292187}
  - {fileID: 1067098185}
  - {fileID: 1136925315}
  - {fileID: 1665908641}
  m_Father: {fileID: 0}
  m_RootOrder: 2
  m_LocalEulerAnglesHint: {x: 0, y: 0, z: 0}
  m_AnchorMin: {x: 0, y: 0}
  m_AnchorMax: {x: 0, y: 0}
  m_AnchoredPosition: {x: 0, y: 0}
  m_SizeDelta: {x: 0, y: 0}
  m_Pivot: {x: 0, y: 0}
--- !u!1001 &84868075
Prefab:
  m_ObjectHideFlags: 0
  serializedVersion: 2
  m_Modification:
    m_TransformParent: {fileID: 15454655}
    m_Modifications:
    - target: {fileID: 224101805754973348, guid: fbfae2ae46ad99447bfcca2f383cd608,
        type: 2}
      propertyPath: m_LocalPosition.x
      value: 0
      objectReference: {fileID: 0}
    - target: {fileID: 224101805754973348, guid: fbfae2ae46ad99447bfcca2f383cd608,
        type: 2}
      propertyPath: m_LocalPosition.y
      value: 0
      objectReference: {fileID: 0}
    - target: {fileID: 224101805754973348, guid: fbfae2ae46ad99447bfcca2f383cd608,
        type: 2}
      propertyPath: m_LocalPosition.z
      value: 0
      objectReference: {fileID: 0}
    - target: {fileID: 224101805754973348, guid: fbfae2ae46ad99447bfcca2f383cd608,
        type: 2}
      propertyPath: m_LocalRotation.x
      value: -0
      objectReference: {fileID: 0}
    - target: {fileID: 224101805754973348, guid: fbfae2ae46ad99447bfcca2f383cd608,
        type: 2}
      propertyPath: m_LocalRotation.y
      value: -0
      objectReference: {fileID: 0}
    - target: {fileID: 224101805754973348, guid: fbfae2ae46ad99447bfcca2f383cd608,
        type: 2}
      propertyPath: m_LocalRotation.z
      value: -0
      objectReference: {fileID: 0}
    - target: {fileID: 224101805754973348, guid: fbfae2ae46ad99447bfcca2f383cd608,
        type: 2}
      propertyPath: m_LocalRotation.w
      value: 1
      objectReference: {fileID: 0}
    - target: {fileID: 224101805754973348, guid: fbfae2ae46ad99447bfcca2f383cd608,
        type: 2}
      propertyPath: m_RootOrder
      value: 3
      objectReference: {fileID: 0}
    - target: {fileID: 224101805754973348, guid: fbfae2ae46ad99447bfcca2f383cd608,
        type: 2}
      propertyPath: m_AnchoredPosition.x
      value: 0
      objectReference: {fileID: 0}
    - target: {fileID: 224101805754973348, guid: fbfae2ae46ad99447bfcca2f383cd608,
        type: 2}
      propertyPath: m_AnchoredPosition.y
      value: 10
      objectReference: {fileID: 0}
    - target: {fileID: 224101805754973348, guid: fbfae2ae46ad99447bfcca2f383cd608,
        type: 2}
      propertyPath: m_SizeDelta.x
      value: -600
      objectReference: {fileID: 0}
    - target: {fileID: 224101805754973348, guid: fbfae2ae46ad99447bfcca2f383cd608,
        type: 2}
      propertyPath: m_SizeDelta.y
      value: -220
      objectReference: {fileID: 0}
    - target: {fileID: 224101805754973348, guid: fbfae2ae46ad99447bfcca2f383cd608,
        type: 2}
      propertyPath: m_AnchorMin.x
      value: 0
      objectReference: {fileID: 0}
    - target: {fileID: 224101805754973348, guid: fbfae2ae46ad99447bfcca2f383cd608,
        type: 2}
      propertyPath: m_AnchorMin.y
      value: 0
      objectReference: {fileID: 0}
    - target: {fileID: 224101805754973348, guid: fbfae2ae46ad99447bfcca2f383cd608,
        type: 2}
      propertyPath: m_AnchorMax.x
      value: 1
      objectReference: {fileID: 0}
    - target: {fileID: 224101805754973348, guid: fbfae2ae46ad99447bfcca2f383cd608,
        type: 2}
      propertyPath: m_AnchorMax.y
      value: 1
      objectReference: {fileID: 0}
    - target: {fileID: 224101805754973348, guid: fbfae2ae46ad99447bfcca2f383cd608,
        type: 2}
      propertyPath: m_Pivot.x
      value: 0.5
      objectReference: {fileID: 0}
    - target: {fileID: 224101805754973348, guid: fbfae2ae46ad99447bfcca2f383cd608,
        type: 2}
      propertyPath: m_Pivot.y
      value: 0.5
      objectReference: {fileID: 0}
    - target: {fileID: 224897835756502318, guid: fbfae2ae46ad99447bfcca2f383cd608,
        type: 2}
      propertyPath: m_AnchorMax.y
      value: 0
      objectReference: {fileID: 0}
    - target: {fileID: 224897835756502318, guid: fbfae2ae46ad99447bfcca2f383cd608,
        type: 2}
      propertyPath: m_AnchoredPosition.x
      value: 130
      objectReference: {fileID: 0}
    - target: {fileID: 224897835756502318, guid: fbfae2ae46ad99447bfcca2f383cd608,
        type: 2}
      propertyPath: m_AnchoredPosition.y
      value: -44.5
      objectReference: {fileID: 0}
    - target: {fileID: 224046910219895654, guid: fbfae2ae46ad99447bfcca2f383cd608,
        type: 2}
      propertyPath: m_AnchorMax.y
      value: 0
      objectReference: {fileID: 0}
    - target: {fileID: 224643148135433536, guid: fbfae2ae46ad99447bfcca2f383cd608,
        type: 2}
      propertyPath: m_AnchorMax.y
      value: 0
      objectReference: {fileID: 0}
    - target: {fileID: 224108186329091422, guid: fbfae2ae46ad99447bfcca2f383cd608,
        type: 2}
      propertyPath: m_AnchorMax.y
      value: 0
      objectReference: {fileID: 0}
    - target: {fileID: 224817354258398780, guid: fbfae2ae46ad99447bfcca2f383cd608,
        type: 2}
      propertyPath: m_AnchorMin.y
      value: 0
      objectReference: {fileID: 0}
    - target: {fileID: 224817354258398780, guid: fbfae2ae46ad99447bfcca2f383cd608,
        type: 2}
      propertyPath: m_AnchorMax.y
      value: 0
      objectReference: {fileID: 0}
    - target: {fileID: 224817354258398780, guid: fbfae2ae46ad99447bfcca2f383cd608,
        type: 2}
      propertyPath: m_AnchoredPosition.x
      value: 0
      objectReference: {fileID: 0}
    - target: {fileID: 224817354258398780, guid: fbfae2ae46ad99447bfcca2f383cd608,
        type: 2}
      propertyPath: m_AnchoredPosition.y
      value: 0
      objectReference: {fileID: 0}
    - target: {fileID: 224817354258398780, guid: fbfae2ae46ad99447bfcca2f383cd608,
        type: 2}
      propertyPath: m_SizeDelta.y
      value: 0
      objectReference: {fileID: 0}
    - target: {fileID: 224735053196221552, guid: fbfae2ae46ad99447bfcca2f383cd608,
        type: 2}
      propertyPath: m_AnchorMin.y
      value: 0
      objectReference: {fileID: 0}
    - target: {fileID: 224735053196221552, guid: fbfae2ae46ad99447bfcca2f383cd608,
        type: 2}
      propertyPath: m_AnchorMax.y
      value: 0
      objectReference: {fileID: 0}
    - target: {fileID: 224735053196221552, guid: fbfae2ae46ad99447bfcca2f383cd608,
        type: 2}
      propertyPath: m_AnchoredPosition.x
      value: 0
      objectReference: {fileID: 0}
    - target: {fileID: 224735053196221552, guid: fbfae2ae46ad99447bfcca2f383cd608,
        type: 2}
      propertyPath: m_AnchoredPosition.y
      value: 0
      objectReference: {fileID: 0}
    - target: {fileID: 224735053196221552, guid: fbfae2ae46ad99447bfcca2f383cd608,
        type: 2}
      propertyPath: m_SizeDelta.y
      value: 0
      objectReference: {fileID: 0}
    - target: {fileID: 224880447614931854, guid: fbfae2ae46ad99447bfcca2f383cd608,
        type: 2}
      propertyPath: m_AnchorMin.y
      value: 0
      objectReference: {fileID: 0}
    - target: {fileID: 224880447614931854, guid: fbfae2ae46ad99447bfcca2f383cd608,
        type: 2}
      propertyPath: m_AnchorMax.y
      value: 0
      objectReference: {fileID: 0}
    - target: {fileID: 224880447614931854, guid: fbfae2ae46ad99447bfcca2f383cd608,
        type: 2}
      propertyPath: m_AnchoredPosition.x
      value: 0
      objectReference: {fileID: 0}
    - target: {fileID: 224880447614931854, guid: fbfae2ae46ad99447bfcca2f383cd608,
        type: 2}
      propertyPath: m_AnchoredPosition.y
      value: 0
      objectReference: {fileID: 0}
    - target: {fileID: 224880447614931854, guid: fbfae2ae46ad99447bfcca2f383cd608,
        type: 2}
      propertyPath: m_SizeDelta.y
      value: 0
      objectReference: {fileID: 0}
    - target: {fileID: 224179477601891122, guid: fbfae2ae46ad99447bfcca2f383cd608,
        type: 2}
      propertyPath: m_AnchorMin.y
      value: 0
      objectReference: {fileID: 0}
    - target: {fileID: 224179477601891122, guid: fbfae2ae46ad99447bfcca2f383cd608,
        type: 2}
      propertyPath: m_AnchorMax.y
      value: 0
      objectReference: {fileID: 0}
    - target: {fileID: 224179477601891122, guid: fbfae2ae46ad99447bfcca2f383cd608,
        type: 2}
      propertyPath: m_AnchoredPosition.x
      value: 0
      objectReference: {fileID: 0}
    - target: {fileID: 224179477601891122, guid: fbfae2ae46ad99447bfcca2f383cd608,
        type: 2}
      propertyPath: m_AnchoredPosition.y
      value: 0
      objectReference: {fileID: 0}
    - target: {fileID: 224179477601891122, guid: fbfae2ae46ad99447bfcca2f383cd608,
        type: 2}
      propertyPath: m_SizeDelta.y
      value: 0
      objectReference: {fileID: 0}
    - target: {fileID: 224538186076597012, guid: fbfae2ae46ad99447bfcca2f383cd608,
        type: 2}
      propertyPath: m_AnchorMin.y
      value: 0
      objectReference: {fileID: 0}
    - target: {fileID: 224538186076597012, guid: fbfae2ae46ad99447bfcca2f383cd608,
        type: 2}
      propertyPath: m_AnchorMax.y
      value: 0
      objectReference: {fileID: 0}
    - target: {fileID: 224538186076597012, guid: fbfae2ae46ad99447bfcca2f383cd608,
        type: 2}
      propertyPath: m_AnchoredPosition.x
      value: 0
      objectReference: {fileID: 0}
    - target: {fileID: 224538186076597012, guid: fbfae2ae46ad99447bfcca2f383cd608,
        type: 2}
      propertyPath: m_AnchoredPosition.y
      value: 0
      objectReference: {fileID: 0}
    - target: {fileID: 224538186076597012, guid: fbfae2ae46ad99447bfcca2f383cd608,
        type: 2}
      propertyPath: m_SizeDelta.y
      value: 0
      objectReference: {fileID: 0}
    - target: {fileID: 224598477790455128, guid: fbfae2ae46ad99447bfcca2f383cd608,
        type: 2}
      propertyPath: m_AnchorMin.y
      value: 0
      objectReference: {fileID: 0}
    - target: {fileID: 224598477790455128, guid: fbfae2ae46ad99447bfcca2f383cd608,
        type: 2}
      propertyPath: m_AnchorMax.y
      value: 0
      objectReference: {fileID: 0}
    - target: {fileID: 224598477790455128, guid: fbfae2ae46ad99447bfcca2f383cd608,
        type: 2}
      propertyPath: m_AnchoredPosition.x
      value: 0
      objectReference: {fileID: 0}
    - target: {fileID: 224598477790455128, guid: fbfae2ae46ad99447bfcca2f383cd608,
        type: 2}
      propertyPath: m_AnchoredPosition.y
      value: 0
      objectReference: {fileID: 0}
    - target: {fileID: 224598477790455128, guid: fbfae2ae46ad99447bfcca2f383cd608,
        type: 2}
      propertyPath: m_SizeDelta.y
      value: 0
      objectReference: {fileID: 0}
    - target: {fileID: 224612118432174998, guid: fbfae2ae46ad99447bfcca2f383cd608,
        type: 2}
      propertyPath: m_AnchorMin.y
      value: 0
      objectReference: {fileID: 0}
    - target: {fileID: 224612118432174998, guid: fbfae2ae46ad99447bfcca2f383cd608,
        type: 2}
      propertyPath: m_AnchorMax.y
      value: 0
      objectReference: {fileID: 0}
    - target: {fileID: 224612118432174998, guid: fbfae2ae46ad99447bfcca2f383cd608,
        type: 2}
      propertyPath: m_AnchoredPosition.x
      value: 0
      objectReference: {fileID: 0}
    - target: {fileID: 224612118432174998, guid: fbfae2ae46ad99447bfcca2f383cd608,
        type: 2}
      propertyPath: m_AnchoredPosition.y
      value: 0
      objectReference: {fileID: 0}
    - target: {fileID: 224612118432174998, guid: fbfae2ae46ad99447bfcca2f383cd608,
        type: 2}
      propertyPath: m_SizeDelta.y
      value: 0
      objectReference: {fileID: 0}
    - target: {fileID: 224141489791705424, guid: fbfae2ae46ad99447bfcca2f383cd608,
        type: 2}
      propertyPath: m_AnchorMin.y
      value: 0
      objectReference: {fileID: 0}
    - target: {fileID: 224141489791705424, guid: fbfae2ae46ad99447bfcca2f383cd608,
        type: 2}
      propertyPath: m_AnchorMax.y
      value: 0
      objectReference: {fileID: 0}
    - target: {fileID: 224141489791705424, guid: fbfae2ae46ad99447bfcca2f383cd608,
        type: 2}
      propertyPath: m_AnchoredPosition.x
      value: 0
      objectReference: {fileID: 0}
    - target: {fileID: 224141489791705424, guid: fbfae2ae46ad99447bfcca2f383cd608,
        type: 2}
      propertyPath: m_AnchoredPosition.y
      value: 0
      objectReference: {fileID: 0}
    - target: {fileID: 224141489791705424, guid: fbfae2ae46ad99447bfcca2f383cd608,
        type: 2}
      propertyPath: m_SizeDelta.y
      value: 0
      objectReference: {fileID: 0}
    - target: {fileID: 224127308529871744, guid: fbfae2ae46ad99447bfcca2f383cd608,
        type: 2}
      propertyPath: m_AnchorMin.y
      value: 0
      objectReference: {fileID: 0}
    - target: {fileID: 224127308529871744, guid: fbfae2ae46ad99447bfcca2f383cd608,
        type: 2}
      propertyPath: m_AnchorMax.y
      value: 0
      objectReference: {fileID: 0}
    - target: {fileID: 224127308529871744, guid: fbfae2ae46ad99447bfcca2f383cd608,
        type: 2}
      propertyPath: m_AnchoredPosition.x
      value: 0
      objectReference: {fileID: 0}
    - target: {fileID: 224127308529871744, guid: fbfae2ae46ad99447bfcca2f383cd608,
        type: 2}
      propertyPath: m_AnchoredPosition.y
      value: 0
      objectReference: {fileID: 0}
    - target: {fileID: 224127308529871744, guid: fbfae2ae46ad99447bfcca2f383cd608,
        type: 2}
      propertyPath: m_SizeDelta.y
      value: 0
      objectReference: {fileID: 0}
    m_RemovedComponents: []
  m_ParentPrefab: {fileID: 100100000, guid: fbfae2ae46ad99447bfcca2f383cd608, type: 2}
  m_IsPrefabParent: 0
--- !u!1 &140292186
GameObject:
  m_ObjectHideFlags: 0
  m_PrefabParentObject: {fileID: 1598929225566642, guid: ea435e1887e371149a644a7ab083978d,
    type: 2}
  m_PrefabInternal: {fileID: 0}
  serializedVersion: 5
  m_Component:
  - component: {fileID: 140292187}
  - component: {fileID: 140292189}
  - component: {fileID: 140292188}
  m_Layer: 0
  m_Name: EventSystem
  m_TagString: Untagged
  m_Icon: {fileID: 0}
  m_NavMeshLayer: 0
  m_StaticEditorFlags: 0
  m_IsActive: 1
--- !u!4 &140292187
Transform:
  m_ObjectHideFlags: 0
  m_PrefabParentObject: {fileID: 4113645660910302, guid: ea435e1887e371149a644a7ab083978d,
    type: 2}
  m_PrefabInternal: {fileID: 0}
  m_GameObject: {fileID: 140292186}
  m_LocalRotation: {x: -0, y: -0, z: -0, w: 1}
  m_LocalPosition: {x: -434, y: -244, z: 0}
  m_LocalScale: {x: 1, y: 1, z: 1}
  m_Children: []
  m_Father: {fileID: 15454655}
  m_RootOrder: 0
  m_LocalEulerAnglesHint: {x: 0, y: 0, z: 0}
--- !u!114 &140292188
MonoBehaviour:
  m_ObjectHideFlags: 0
  m_PrefabParentObject: {fileID: 114914622047287650, guid: ea435e1887e371149a644a7ab083978d,
    type: 2}
  m_PrefabInternal: {fileID: 0}
  m_GameObject: {fileID: 140292186}
  m_Enabled: 1
  m_EditorHideFlags: 0
  m_Script: {fileID: 1077351063, guid: f70555f144d8491a825f0804e09c671c, type: 3}
  m_Name: 
  m_EditorClassIdentifier: 
  m_HorizontalAxis: Horizontal
  m_VerticalAxis: Vertical
  m_SubmitButton: Submit
  m_CancelButton: Cancel
  m_InputActionsPerSecond: 10
  m_RepeatDelay: 0.5
  m_ForceModuleActive: 0
--- !u!114 &140292189
MonoBehaviour:
  m_ObjectHideFlags: 0
  m_PrefabParentObject: {fileID: 114324484236911510, guid: ea435e1887e371149a644a7ab083978d,
    type: 2}
  m_PrefabInternal: {fileID: 0}
  m_GameObject: {fileID: 140292186}
  m_Enabled: 1
  m_EditorHideFlags: 0
  m_Script: {fileID: -619905303, guid: f70555f144d8491a825f0804e09c671c, type: 3}
  m_Name: 
  m_EditorClassIdentifier: 
  m_FirstSelected: {fileID: 0}
  m_sendNavigationEvents: 1
  m_DragThreshold: 5
--- !u!1 &240785992
GameObject:
  m_ObjectHideFlags: 0
  m_PrefabParentObject: {fileID: 1049505866022624, guid: ea435e1887e371149a644a7ab083978d,
    type: 2}
  m_PrefabInternal: {fileID: 0}
  serializedVersion: 5
  m_Component:
  - component: {fileID: 240785993}
  - component: {fileID: 240785994}
  - component: {fileID: 240785995}
  m_Layer: 5
  m_Name: Handle
  m_TagString: Untagged
  m_Icon: {fileID: 0}
  m_NavMeshLayer: 0
  m_StaticEditorFlags: 0
  m_IsActive: 1
--- !u!224 &240785993
RectTransform:
  m_ObjectHideFlags: 0
  m_PrefabParentObject: {fileID: 224818896007248286, guid: ea435e1887e371149a644a7ab083978d,
    type: 2}
  m_PrefabInternal: {fileID: 0}
  m_GameObject: {fileID: 240785992}
  m_LocalRotation: {x: 0, y: 0, z: 0, w: 1}
  m_LocalPosition: {x: 0, y: 0, z: 0}
  m_LocalScale: {x: 1, y: 1, z: 1}
  m_Children: []
  m_Father: {fileID: 985892984}
  m_RootOrder: 0
  m_LocalEulerAnglesHint: {x: 0, y: 0, z: 0}
  m_AnchorMin: {x: 0, y: 0}
  m_AnchorMax: {x: 1, y: 1}
  m_AnchoredPosition: {x: 0, y: 0}
  m_SizeDelta: {x: 20, y: 20}
  m_Pivot: {x: 0.5, y: 0.5}
--- !u!222 &240785994
CanvasRenderer:
  m_ObjectHideFlags: 0
  m_PrefabParentObject: {fileID: 222673141898947536, guid: ea435e1887e371149a644a7ab083978d,
    type: 2}
  m_PrefabInternal: {fileID: 0}
  m_GameObject: {fileID: 240785992}
--- !u!114 &240785995
MonoBehaviour:
  m_ObjectHideFlags: 0
  m_PrefabParentObject: {fileID: 114974404233585108, guid: ea435e1887e371149a644a7ab083978d,
    type: 2}
  m_PrefabInternal: {fileID: 0}
  m_GameObject: {fileID: 240785992}
  m_Enabled: 1
  m_EditorHideFlags: 0
  m_Script: {fileID: -765806418, guid: f70555f144d8491a825f0804e09c671c, type: 3}
  m_Name: 
  m_EditorClassIdentifier: 
  m_Material: {fileID: 0}
  m_Color: {r: 1, g: 1, b: 1, a: 1}
  m_RaycastTarget: 1
  m_OnCullStateChanged:
    m_PersistentCalls:
      m_Calls: []
    m_TypeName: UnityEngine.UI.MaskableGraphic+CullStateChangedEvent, UnityEngine.UI,
      Version=1.0.0.0, Culture=neutral, PublicKeyToken=null
  m_Sprite: {fileID: 10905, guid: 0000000000000000f000000000000000, type: 0}
  m_Type: 1
  m_PreserveAspect: 0
  m_FillCenter: 1
  m_FillMethod: 4
  m_FillAmount: 1
  m_FillClockwise: 1
  m_FillOrigin: 0
--- !u!1 &356629365
GameObject:
  m_ObjectHideFlags: 0
  m_PrefabParentObject: {fileID: 1039973650194612, guid: ea435e1887e371149a644a7ab083978d,
    type: 2}
  m_PrefabInternal: {fileID: 0}
  serializedVersion: 5
  m_Component:
  - component: {fileID: 356629366}
  - component: {fileID: 356629368}
  - component: {fileID: 356629367}
  m_Layer: 5
  m_Name: Alert_Background
  m_TagString: Untagged
  m_Icon: {fileID: 0}
  m_NavMeshLayer: 0
  m_StaticEditorFlags: 0
  m_IsActive: 1
--- !u!224 &356629366
RectTransform:
  m_ObjectHideFlags: 0
  m_PrefabParentObject: {fileID: 224900945490885424, guid: ea435e1887e371149a644a7ab083978d,
    type: 2}
  m_PrefabInternal: {fileID: 0}
  m_GameObject: {fileID: 356629365}
  m_LocalRotation: {x: -0, y: -0, z: -0, w: 1}
  m_LocalPosition: {x: 0, y: 0, z: 0}
  m_LocalScale: {x: 0.87375, y: 0.87375, z: 0.87375}
  m_Children: []
  m_Father: {fileID: 1067098185}
  m_RootOrder: 0
  m_LocalEulerAnglesHint: {x: 0, y: 0, z: 0}
  m_AnchorMin: {x: 0.5, y: 0.5}
  m_AnchorMax: {x: 0.5, y: 0.5}
  m_AnchoredPosition: {x: 20, y: 0}
  m_SizeDelta: {x: 140, y: 40}
  m_Pivot: {x: 0.5, y: 0.5}
--- !u!114 &356629367
MonoBehaviour:
  m_ObjectHideFlags: 0
  m_PrefabParentObject: {fileID: 114849160320975966, guid: ea435e1887e371149a644a7ab083978d,
    type: 2}
  m_PrefabInternal: {fileID: 0}
  m_GameObject: {fileID: 356629365}
  m_Enabled: 1
  m_EditorHideFlags: 0
  m_Script: {fileID: -765806418, guid: f70555f144d8491a825f0804e09c671c, type: 3}
  m_Name: 
  m_EditorClassIdentifier: 
  m_Material: {fileID: 0}
  m_Color: {r: 1, g: 1, b: 1, a: 1}
  m_RaycastTarget: 1
  m_OnCullStateChanged:
    m_PersistentCalls:
      m_Calls: []
    m_TypeName: UnityEngine.UI.MaskableGraphic+CullStateChangedEvent, UnityEngine.UI,
      Version=1.0.0.0, Culture=neutral, PublicKeyToken=null
  m_Sprite: {fileID: 10911, guid: 0000000000000000f000000000000000, type: 0}
  m_Type: 1
  m_PreserveAspect: 0
  m_FillCenter: 1
  m_FillMethod: 4
  m_FillAmount: 1
  m_FillClockwise: 1
  m_FillOrigin: 0
--- !u!222 &356629368
CanvasRenderer:
  m_ObjectHideFlags: 0
  m_PrefabParentObject: {fileID: 222960172966164628, guid: ea435e1887e371149a644a7ab083978d,
    type: 2}
  m_PrefabInternal: {fileID: 0}
  m_GameObject: {fileID: 356629365}
--- !u!1 &391462223
GameObject:
  m_ObjectHideFlags: 0
  m_PrefabParentObject: {fileID: 1984185904095330, guid: ea435e1887e371149a644a7ab083978d,
    type: 2}
  m_PrefabInternal: {fileID: 0}
  serializedVersion: 5
  m_Component:
  - component: {fileID: 391462224}
  - component: {fileID: 391462226}
  - component: {fileID: 391462225}
  m_Layer: 5
  m_Name: 'Note: DisableThis!!!'
  m_TagString: Untagged
  m_Icon: {fileID: 0}
  m_NavMeshLayer: 0
  m_StaticEditorFlags: 0
  m_IsActive: 1
--- !u!224 &391462224
RectTransform:
  m_ObjectHideFlags: 0
  m_PrefabParentObject: {fileID: 224004179076306350, guid: ea435e1887e371149a644a7ab083978d,
    type: 2}
  m_PrefabInternal: {fileID: 0}
  m_GameObject: {fileID: 391462223}
  m_LocalRotation: {x: -0, y: -0, z: -0, w: 1}
  m_LocalPosition: {x: 0, y: 0, z: 0}
  m_LocalScale: {x: 1, y: 1, z: 1}
  m_Children: []
  m_Father: {fileID: 1403259138}
  m_RootOrder: 0
  m_LocalEulerAnglesHint: {x: 0, y: 0, z: 0}
  m_AnchorMin: {x: 0.5, y: 0.5}
  m_AnchorMax: {x: 0.5, y: 0.5}
  m_AnchoredPosition: {x: -0.6125488, y: -0.61257935}
  m_SizeDelta: {x: 160, y: 30}
  m_Pivot: {x: 0.5, y: 0.5}
--- !u!114 &391462225
MonoBehaviour:
  m_ObjectHideFlags: 0
  m_PrefabParentObject: {fileID: 114225471525707998, guid: ea435e1887e371149a644a7ab083978d,
    type: 2}
  m_PrefabInternal: {fileID: 0}
  m_GameObject: {fileID: 391462223}
  m_Enabled: 1
  m_EditorHideFlags: 0
  m_Script: {fileID: 708705254, guid: f70555f144d8491a825f0804e09c671c, type: 3}
  m_Name: 
  m_EditorClassIdentifier: 
  m_Material: {fileID: 0}
  m_Color: {r: 0.19607843, g: 0.19607843, b: 0.19607843, a: 1}
  m_RaycastTarget: 1
  m_OnCullStateChanged:
    m_PersistentCalls:
      m_Calls: []
    m_TypeName: UnityEngine.UI.MaskableGraphic+CullStateChangedEvent, UnityEngine.UI,
      Version=1.0.0.0, Culture=neutral, PublicKeyToken=null
  m_FontData:
    m_Font: {fileID: 10102, guid: 0000000000000000e000000000000000, type: 0}
    m_FontSize: 14
    m_FontStyle: 0
    m_BestFit: 0
    m_MinSize: 10
    m_MaxSize: 40
    m_Alignment: 0
    m_AlignByGeometry: 0
    m_RichText: 1
    m_HorizontalOverflow: 0
    m_VerticalOverflow: 1
    m_LineSpacing: 1
  m_Text: 'Note: To change direction of the layoutGroup group, affect the pivot of
    the layoutGroup obj!'
--- !u!222 &391462226
CanvasRenderer:
  m_ObjectHideFlags: 0
  m_PrefabParentObject: {fileID: 222739824159481788, guid: ea435e1887e371149a644a7ab083978d,
    type: 2}
  m_PrefabInternal: {fileID: 0}
  m_GameObject: {fileID: 391462223}
--- !u!1 &503693459
GameObject:
  m_ObjectHideFlags: 0
  m_PrefabParentObject: {fileID: 1445268241986390, guid: ea435e1887e371149a644a7ab083978d,
    type: 2}
  m_PrefabInternal: {fileID: 0}
  serializedVersion: 5
  m_Component:
  - component: {fileID: 503693462}
  - component: {fileID: 503693461}
  - component: {fileID: 503693460}
  m_Layer: 5
  m_Name: Alert_Icon
  m_TagString: Untagged
  m_Icon: {fileID: 0}
  m_NavMeshLayer: 0
  m_StaticEditorFlags: 0
  m_IsActive: 1
--- !u!114 &503693460
MonoBehaviour:
  m_ObjectHideFlags: 0
  m_PrefabParentObject: {fileID: 114553657492169106, guid: ea435e1887e371149a644a7ab083978d,
    type: 2}
  m_PrefabInternal: {fileID: 0}
  m_GameObject: {fileID: 503693459}
  m_Enabled: 1
  m_EditorHideFlags: 0
  m_Script: {fileID: -765806418, guid: f70555f144d8491a825f0804e09c671c, type: 3}
  m_Name: 
  m_EditorClassIdentifier: 
  m_Material: {fileID: 0}
  m_Color: {r: 1, g: 1, b: 1, a: 1}
  m_RaycastTarget: 1
  m_OnCullStateChanged:
    m_PersistentCalls:
      m_Calls: []
    m_TypeName: UnityEngine.UI.MaskableGraphic+CullStateChangedEvent, UnityEngine.UI,
      Version=1.0.0.0, Culture=neutral, PublicKeyToken=null
  m_Sprite: {fileID: 21300000, guid: 1fdbff7b3e0de574892e45d1afa6012c, type: 3}
  m_Type: 0
  m_PreserveAspect: 0
  m_FillCenter: 1
  m_FillMethod: 4
  m_FillAmount: 1
  m_FillClockwise: 1
  m_FillOrigin: 0
--- !u!222 &503693461
CanvasRenderer:
  m_ObjectHideFlags: 0
  m_PrefabParentObject: {fileID: 222021593306695798, guid: ea435e1887e371149a644a7ab083978d,
    type: 2}
  m_PrefabInternal: {fileID: 0}
  m_GameObject: {fileID: 503693459}
--- !u!224 &503693462
RectTransform:
  m_ObjectHideFlags: 0
  m_PrefabParentObject: {fileID: 224003708864079420, guid: ea435e1887e371149a644a7ab083978d,
    type: 2}
  m_PrefabInternal: {fileID: 0}
  m_GameObject: {fileID: 503693459}
  m_LocalRotation: {x: -0, y: -0, z: -0, w: 1}
  m_LocalPosition: {x: 0, y: 0, z: 0}
  m_LocalScale: {x: 0.87375, y: 0.87375, z: 0.87375}
  m_Children: []
  m_Father: {fileID: 1067098185}
  m_RootOrder: 1
  m_LocalEulerAnglesHint: {x: 0, y: 0, z: 0}
  m_AnchorMin: {x: 0.5, y: 0.5}
  m_AnchorMax: {x: 0.5, y: 0.5}
  m_AnchoredPosition: {x: -65.76376, y: 0}
  m_SizeDelta: {x: 55, y: 55}
  m_Pivot: {x: 0.5, y: 0.5}
--- !u!1 &560773927
GameObject:
  m_ObjectHideFlags: 0
  m_PrefabParentObject: {fileID: 1651281498177574, guid: ea435e1887e371149a644a7ab083978d,
    type: 2}
  m_PrefabInternal: {fileID: 0}
  serializedVersion: 5
  m_Component:
  - component: {fileID: 15454655}
  - component: {fileID: 560773930}
  - component: {fileID: 560773929}
  - component: {fileID: 560773928}
  m_Layer: 5
  m_Name: UICanvas
  m_TagString: Untagged
  m_Icon: {fileID: 0}
  m_NavMeshLayer: 0
  m_StaticEditorFlags: 0
  m_IsActive: 1
--- !u!114 &560773928
MonoBehaviour:
  m_ObjectHideFlags: 0
  m_PrefabParentObject: {fileID: 114154769313351632, guid: ea435e1887e371149a644a7ab083978d,
    type: 2}
  m_PrefabInternal: {fileID: 0}
  m_GameObject: {fileID: 560773927}
  m_Enabled: 1
  m_EditorHideFlags: 0
  m_Script: {fileID: 1301386320, guid: f70555f144d8491a825f0804e09c671c, type: 3}
  m_Name: 
  m_EditorClassIdentifier: 
  m_IgnoreReversedGraphics: 1
  m_BlockingObjects: 0
  m_BlockingMask:
    serializedVersion: 2
    m_Bits: 4294967295
--- !u!114 &560773929
MonoBehaviour:
  m_ObjectHideFlags: 0
  m_PrefabParentObject: {fileID: 114658894370768782, guid: ea435e1887e371149a644a7ab083978d,
    type: 2}
  m_PrefabInternal: {fileID: 0}
  m_GameObject: {fileID: 560773927}
  m_Enabled: 1
  m_EditorHideFlags: 0
  m_Script: {fileID: 1980459831, guid: f70555f144d8491a825f0804e09c671c, type: 3}
  m_Name: 
  m_EditorClassIdentifier: 
  m_UiScaleMode: 1
  m_ReferencePixelsPerUnit: 100
  m_ScaleFactor: 1
  m_ReferenceResolution: {x: 800, y: 600}
  m_ScreenMatchMode: 0
  m_MatchWidthOrHeight: 0.5
  m_PhysicalUnit: 3
  m_FallbackScreenDPI: 96
  m_DefaultSpriteDPI: 96
  m_DynamicPixelsPerUnit: 1
--- !u!223 &560773930
Canvas:
  m_ObjectHideFlags: 0
  m_PrefabParentObject: {fileID: 223740788606898876, guid: ea435e1887e371149a644a7ab083978d,
    type: 2}
  m_PrefabInternal: {fileID: 0}
  m_GameObject: {fileID: 560773927}
  m_Enabled: 1
  serializedVersion: 3
  m_RenderMode: 0
  m_Camera: {fileID: 0}
  m_PlaneDistance: 100
  m_PixelPerfect: 0
  m_ReceivesEvents: 1
  m_OverrideSorting: 0
  m_OverridePixelPerfect: 0
  m_SortingBucketNormalizedSize: 0
  m_AdditionalShaderChannelsFlag: 0
  m_SortingLayerID: 0
  m_SortingOrder: 0
  m_TargetDisplay: 0
--- !u!1 &799604796
GameObject:
  m_ObjectHideFlags: 0
  m_PrefabParentObject: {fileID: 1548301987428402, guid: ea435e1887e371149a644a7ab083978d,
    type: 2}
  m_PrefabInternal: {fileID: 0}
  serializedVersion: 5
  m_Component:
  - component: {fileID: 799604797}
  - component: {fileID: 799604799}
  - component: {fileID: 799604798}
  m_Layer: 5
  m_Name: Alert_Text
  m_TagString: Untagged
  m_Icon: {fileID: 0}
  m_NavMeshLayer: 0
  m_StaticEditorFlags: 0
  m_IsActive: 0
--- !u!224 &799604797
RectTransform:
  m_ObjectHideFlags: 0
  m_PrefabParentObject: {fileID: 224172679518167818, guid: ea435e1887e371149a644a7ab083978d,
    type: 2}
  m_PrefabInternal: {fileID: 0}
  m_GameObject: {fileID: 799604796}
  m_LocalRotation: {x: -0, y: -0, z: -0, w: 1}
  m_LocalPosition: {x: 0, y: 0, z: 0}
  m_LocalScale: {x: 0.5000023, y: 0.5000023, z: 0.5000023}
  m_Children: []
  m_Father: {fileID: 1067098185}
  m_RootOrder: 4
  m_LocalEulerAnglesHint: {x: 0, y: 0, z: 0}
  m_AnchorMin: {x: 0.5, y: 0.5}
  m_AnchorMax: {x: 0.5, y: 0.5}
  m_AnchoredPosition: {x: 9.999939, y: -5.5}
  m_SizeDelta: {x: 180, y: 45}
  m_Pivot: {x: 0.5, y: 0.5}
--- !u!114 &799604798
MonoBehaviour:
  m_ObjectHideFlags: 0
  m_PrefabParentObject: {fileID: 114320805034636924, guid: ea435e1887e371149a644a7ab083978d,
    type: 2}
  m_PrefabInternal: {fileID: 0}
  m_GameObject: {fileID: 799604796}
  m_Enabled: 1
  m_EditorHideFlags: 0
  m_Script: {fileID: 708705254, guid: f70555f144d8491a825f0804e09c671c, type: 3}
  m_Name: 
  m_EditorClassIdentifier: 
  m_Material: {fileID: 0}
  m_Color: {r: 0.19607843, g: 0.19607843, b: 0.19607843, a: 1}
  m_RaycastTarget: 1
  m_OnCullStateChanged:
    m_PersistentCalls:
      m_Calls: []
    m_TypeName: UnityEngine.UI.MaskableGraphic+CullStateChangedEvent, UnityEngine.UI,
      Version=1.0.0.0, Culture=neutral, PublicKeyToken=null
  m_FontData:
    m_Font: {fileID: 10102, guid: 0000000000000000e000000000000000, type: 0}
    m_FontSize: 16
    m_FontStyle: 0
    m_BestFit: 0
    m_MinSize: 1
    m_MaxSize: 40
    m_Alignment: 4
    m_AlignByGeometry: 0
    m_RichText: 1
    m_HorizontalOverflow: 0
    m_VerticalOverflow: 1
    m_LineSpacing: 1
  m_Text: hviuhvfvvhrivhuiruvhrivhrivhvhriuhvrivhrh
--- !u!222 &799604799
CanvasRenderer:
  m_ObjectHideFlags: 0
  m_PrefabParentObject: {fileID: 222713169629854626, guid: ea435e1887e371149a644a7ab083978d,
    type: 2}
  m_PrefabInternal: {fileID: 0}
  m_GameObject: {fileID: 799604796}
--- !u!1 &811331977
GameObject:
  m_ObjectHideFlags: 0
  m_PrefabParentObject: {fileID: 1171713859982444, guid: ea435e1887e371149a644a7ab083978d,
    type: 2}
  m_PrefabInternal: {fileID: 0}
  serializedVersion: 5
  m_Component:
  - component: {fileID: 811331981}
  - component: {fileID: 811331980}
  - component: {fileID: 811331979}
  - component: {fileID: 811331978}
  m_Layer: 5
  m_Name: AlertList_Scrollbar
  m_TagString: Untagged
  m_Icon: {fileID: 0}
  m_NavMeshLayer: 0
  m_StaticEditorFlags: 0
  m_IsActive: 1
--- !u!114 &811331978
MonoBehaviour:
  m_ObjectHideFlags: 0
  m_PrefabParentObject: {fileID: 114248068141091630, guid: ea435e1887e371149a644a7ab083978d,
    type: 2}
  m_PrefabInternal: {fileID: 0}
  m_GameObject: {fileID: 811331977}
  m_Enabled: 1
  m_EditorHideFlags: 0
  m_Script: {fileID: -2061169968, guid: f70555f144d8491a825f0804e09c671c, type: 3}
  m_Name: 
  m_EditorClassIdentifier: 
  m_Navigation:
    m_Mode: 2
    m_SelectOnUp: {fileID: 0}
    m_SelectOnDown: {fileID: 0}
    m_SelectOnLeft: {fileID: 0}
    m_SelectOnRight: {fileID: 0}
  m_Transition: 1
  m_Colors:
    m_NormalColor: {r: 1, g: 1, b: 1, a: 1}
    m_HighlightedColor: {r: 0.9607843, g: 0.9607843, b: 0.9607843, a: 1}
    m_PressedColor: {r: 0.78431374, g: 0.78431374, b: 0.78431374, a: 1}
    m_DisabledColor: {r: 0.78431374, g: 0.78431374, b: 0.78431374, a: 0.5019608}
    m_ColorMultiplier: 1
    m_FadeDuration: 0.1
  m_SpriteState:
    m_HighlightedSprite: {fileID: 0}
    m_PressedSprite: {fileID: 0}
    m_DisabledSprite: {fileID: 0}
  m_AnimationTriggers:
    m_NormalTrigger: Normal
    m_HighlightedTrigger: Highlighted
    m_PressedTrigger: Pressed
    m_DisabledTrigger: Disabled
  m_Interactable: 1
  m_TargetGraphic: {fileID: 240785995}
  m_HandleRect: {fileID: 240785993}
  m_Direction: 2
  m_Value: 0
  m_Size: 1
  m_NumberOfSteps: 0
  m_OnValueChanged:
    m_PersistentCalls:
      m_Calls: []
    m_TypeName: UnityEngine.UI.Scrollbar+ScrollEvent, UnityEngine.UI, Version=1.0.0.0,
      Culture=neutral, PublicKeyToken=null
--- !u!114 &811331979
MonoBehaviour:
  m_ObjectHideFlags: 0
  m_PrefabParentObject: {fileID: 114906283678160398, guid: ea435e1887e371149a644a7ab083978d,
    type: 2}
  m_PrefabInternal: {fileID: 0}
  m_GameObject: {fileID: 811331977}
  m_Enabled: 0
  m_EditorHideFlags: 0
  m_Script: {fileID: -765806418, guid: f70555f144d8491a825f0804e09c671c, type: 3}
  m_Name: 
  m_EditorClassIdentifier: 
  m_Material: {fileID: 0}
  m_Color: {r: 1, g: 1, b: 1, a: 1}
  m_RaycastTarget: 1
  m_OnCullStateChanged:
    m_PersistentCalls:
      m_Calls: []
    m_TypeName: UnityEngine.UI.MaskableGraphic+CullStateChangedEvent, UnityEngine.UI,
      Version=1.0.0.0, Culture=neutral, PublicKeyToken=null
  m_Sprite: {fileID: 10907, guid: 0000000000000000f000000000000000, type: 0}
  m_Type: 1
  m_PreserveAspect: 0
  m_FillCenter: 1
  m_FillMethod: 4
  m_FillAmount: 1
  m_FillClockwise: 1
  m_FillOrigin: 0
--- !u!222 &811331980
CanvasRenderer:
  m_ObjectHideFlags: 0
  m_PrefabParentObject: {fileID: 222475393176686982, guid: ea435e1887e371149a644a7ab083978d,
    type: 2}
  m_PrefabInternal: {fileID: 0}
  m_GameObject: {fileID: 811331977}
--- !u!224 &811331981
RectTransform:
  m_ObjectHideFlags: 0
  m_PrefabParentObject: {fileID: 224973093924779030, guid: ea435e1887e371149a644a7ab083978d,
    type: 2}
  m_PrefabInternal: {fileID: 0}
  m_GameObject: {fileID: 811331977}
  m_LocalRotation: {x: -0, y: -0, z: -0, w: 1}
  m_LocalPosition: {x: 0, y: 0, z: 0}
  m_LocalScale: {x: 1, y: 1, z: 1}
  m_Children:
  - {fileID: 985892984}
  m_Father: {fileID: 1136925315}
  m_RootOrder: 0
  m_LocalEulerAnglesHint: {x: 0, y: 0, z: 0}
  m_AnchorMin: {x: 0.5, y: 0.5}
  m_AnchorMax: {x: 0.5, y: 0.5}
  m_AnchoredPosition: {x: 103, y: -2}
  m_SizeDelta: {x: 20, y: 450.25}
  m_Pivot: {x: 0.5, y: 0.5}
--- !u!1 &918011665
GameObject:
  m_ObjectHideFlags: 0
  m_PrefabParentObject: {fileID: 1608887818011272, guid: ea435e1887e371149a644a7ab083978d,
    type: 2}
  m_PrefabInternal: {fileID: 0}
  serializedVersion: 5
  m_Component:
  - component: {fileID: 918011666}
  - component: {fileID: 918011668}
  - component: {fileID: 918011667}
  m_Layer: 5
  m_Name: Alert_TitleText
  m_TagString: Untagged
  m_Icon: {fileID: 0}
  m_NavMeshLayer: 0
  m_StaticEditorFlags: 0
  m_IsActive: 1
--- !u!224 &918011666
RectTransform:
  m_ObjectHideFlags: 0
  m_PrefabParentObject: {fileID: 224920236250297158, guid: ea435e1887e371149a644a7ab083978d,
    type: 2}
  m_PrefabInternal: {fileID: 0}
  m_GameObject: {fileID: 918011665}
  m_LocalRotation: {x: -0, y: -0, z: -0, w: 1}
  m_LocalPosition: {x: 0, y: 0, z: 0}
  m_LocalScale: {x: 0.5, y: 0.5, z: 0.5}
  m_Children: []
  m_Father: {fileID: 1067098185}
  m_RootOrder: 3
  m_LocalEulerAnglesHint: {x: 0, y: 0, z: 0}
  m_AnchorMin: {x: 0.5, y: 0.5}
  m_AnchorMax: {x: 0.5, y: 0.5}
  m_AnchoredPosition: {x: 10, y: 0.70000076}
  m_SizeDelta: {x: 200, y: 45}
  m_Pivot: {x: 0.5, y: 0.5}
--- !u!114 &918011667
MonoBehaviour:
  m_ObjectHideFlags: 0
  m_PrefabParentObject: {fileID: 114201757424037034, guid: ea435e1887e371149a644a7ab083978d,
    type: 2}
  m_PrefabInternal: {fileID: 0}
  m_GameObject: {fileID: 918011665}
  m_Enabled: 1
  m_EditorHideFlags: 0
  m_Script: {fileID: 708705254, guid: f70555f144d8491a825f0804e09c671c, type: 3}
  m_Name: 
  m_EditorClassIdentifier: 
  m_Material: {fileID: 0}
  m_Color: {r: 0.19607843, g: 0.19607843, b: 0.19607843, a: 1}
  m_RaycastTarget: 1
  m_OnCullStateChanged:
    m_PersistentCalls:
      m_Calls: []
    m_TypeName: UnityEngine.UI.MaskableGraphic+CullStateChangedEvent, UnityEngine.UI,
      Version=1.0.0.0, Culture=neutral, PublicKeyToken=null
  m_FontData:
    m_Font: {fileID: 10102, guid: 0000000000000000e000000000000000, type: 0}
    m_FontSize: 24
    m_FontStyle: 0
    m_BestFit: 0
    m_MinSize: 1
    m_MaxSize: 40
    m_Alignment: 4
    m_AlignByGeometry: 0
    m_RichText: 1
    m_HorizontalOverflow: 0
    m_VerticalOverflow: 1
    m_LineSpacing: 1
  m_Text: Title
--- !u!222 &918011668
CanvasRenderer:
  m_ObjectHideFlags: 0
  m_PrefabParentObject: {fileID: 222152901359361264, guid: ea435e1887e371149a644a7ab083978d,
    type: 2}
  m_PrefabInternal: {fileID: 0}
  m_GameObject: {fileID: 918011665}
--- !u!1 &985892983
GameObject:
  m_ObjectHideFlags: 0
  m_PrefabParentObject: {fileID: 1425192420261666, guid: ea435e1887e371149a644a7ab083978d,
    type: 2}
  m_PrefabInternal: {fileID: 0}
  serializedVersion: 5
  m_Component:
  - component: {fileID: 985892984}
  m_Layer: 5
  m_Name: Sliding Area
  m_TagString: Untagged
  m_Icon: {fileID: 0}
  m_NavMeshLayer: 0
  m_StaticEditorFlags: 0
  m_IsActive: 1
--- !u!224 &985892984
RectTransform:
  m_ObjectHideFlags: 0
  m_PrefabParentObject: {fileID: 224319934825069898, guid: ea435e1887e371149a644a7ab083978d,
    type: 2}
  m_PrefabInternal: {fileID: 0}
  m_GameObject: {fileID: 985892983}
  m_LocalRotation: {x: 0, y: 0, z: 0, w: 1}
  m_LocalPosition: {x: 0, y: 0, z: 0}
  m_LocalScale: {x: 1, y: 1, z: 1}
  m_Children:
  - {fileID: 240785993}
  m_Father: {fileID: 811331981}
  m_RootOrder: 0
  m_LocalEulerAnglesHint: {x: 0, y: 0, z: 0}
  m_AnchorMin: {x: 0, y: 0}
  m_AnchorMax: {x: 1, y: 1}
  m_AnchoredPosition: {x: 0, y: 0}
  m_SizeDelta: {x: -20, y: -20}
  m_Pivot: {x: 0.5, y: 0.5}
--- !u!1 &988938365
GameObject:
  m_ObjectHideFlags: 0
  m_PrefabParentObject: {fileID: 1099295169845206, guid: ea435e1887e371149a644a7ab083978d,
    type: 2}
  m_PrefabInternal: {fileID: 0}
  serializedVersion: 5
  m_Component:
  - component: {fileID: 988938366}
  - component: {fileID: 988938368}
  - component: {fileID: 988938367}
  m_Layer: 5
  m_Name: Text
  m_TagString: Untagged
  m_Icon: {fileID: 0}
  m_NavMeshLayer: 0
  m_StaticEditorFlags: 0
  m_IsActive: 1
--- !u!224 &988938366
RectTransform:
  m_ObjectHideFlags: 0
  m_PrefabParentObject: {fileID: 224012336697020076, guid: ea435e1887e371149a644a7ab083978d,
    type: 2}
  m_PrefabInternal: {fileID: 0}
  m_GameObject: {fileID: 988938365}
  m_LocalRotation: {x: 0, y: 0, z: 0, w: 1}
  m_LocalPosition: {x: 0, y: 0, z: 0}
  m_LocalScale: {x: 1, y: 1, z: 1}
  m_Children: []
  m_Father: {fileID: 2043316087}
  m_RootOrder: 0
  m_LocalEulerAnglesHint: {x: 0, y: 0, z: 0}
  m_AnchorMin: {x: 0, y: 0}
  m_AnchorMax: {x: 1, y: 1}
  m_AnchoredPosition: {x: 0, y: 0}
  m_SizeDelta: {x: 0, y: 0}
  m_Pivot: {x: 0.5, y: 0.5}
--- !u!114 &988938367
MonoBehaviour:
  m_ObjectHideFlags: 0
  m_PrefabParentObject: {fileID: 114432932975317044, guid: ea435e1887e371149a644a7ab083978d,
    type: 2}
  m_PrefabInternal: {fileID: 0}
  m_GameObject: {fileID: 988938365}
  m_Enabled: 1
  m_EditorHideFlags: 0
  m_Script: {fileID: 708705254, guid: f70555f144d8491a825f0804e09c671c, type: 3}
  m_Name: 
  m_EditorClassIdentifier: 
  m_Material: {fileID: 0}
  m_Color: {r: 0.19607843, g: 0.19607843, b: 0.19607843, a: 1}
  m_RaycastTarget: 1
  m_OnCullStateChanged:
    m_PersistentCalls:
      m_Calls: []
    m_TypeName: UnityEngine.UI.MaskableGraphic+CullStateChangedEvent, UnityEngine.UI,
      Version=1.0.0.0, Culture=neutral, PublicKeyToken=null
  m_FontData:
    m_Font: {fileID: 10102, guid: 0000000000000000e000000000000000, type: 0}
    m_FontSize: 14
    m_FontStyle: 0
    m_BestFit: 0
    m_MinSize: 10
    m_MaxSize: 40
    m_Alignment: 4
    m_AlignByGeometry: 0
    m_RichText: 1
    m_HorizontalOverflow: 0
    m_VerticalOverflow: 0
    m_LineSpacing: 1
  m_Text: X
--- !u!222 &988938368
CanvasRenderer:
  m_ObjectHideFlags: 0
  m_PrefabParentObject: {fileID: 222448049878894158, guid: ea435e1887e371149a644a7ab083978d,
    type: 2}
  m_PrefabInternal: {fileID: 0}
  m_GameObject: {fileID: 988938365}
--- !u!1 &997933250 stripped
GameObject:
  m_PrefabParentObject: {fileID: 1947376345696778, guid: a76d52b0c2414ca4fab271678b24e888,
    type: 2}
  m_PrefabInternal: {fileID: 1494585318}
--- !u!114 &997933258
MonoBehaviour:
  m_ObjectHideFlags: 0
  m_PrefabParentObject: {fileID: 0}
  m_PrefabInternal: {fileID: 0}
  m_GameObject: {fileID: 997933250}
  m_Enabled: 1
  m_EditorHideFlags: 0
  m_Script: {fileID: 11500000, guid: 360979aafebd332448626a2236bafdb4, type: 3}
  m_Name: 
  m_EditorClassIdentifier: 
  m_Profile: {fileID: 11400000, guid: 7fe2632c2f5e80c469fbafa077a57c37, type: 2}
  m_FocusTracksTarget: 0
  m_FocusOffset: 0
--- !u!1 &1067098184
GameObject:
  m_ObjectHideFlags: 0
  m_PrefabParentObject: {fileID: 1513450365429126, guid: ea435e1887e371149a644a7ab083978d,
    type: 2}
  m_PrefabInternal: {fileID: 0}
  serializedVersion: 5
  m_Component:
  - component: {fileID: 1067098185}
  - component: {fileID: 1067098187}
  - component: {fileID: 1067098186}
  m_Layer: 0
  m_Name: Alert_UI
  m_TagString: Untagged
  m_Icon: {fileID: 0}
  m_NavMeshLayer: 0
  m_StaticEditorFlags: 0
  m_IsActive: 0
--- !u!224 &1067098185
RectTransform:
  m_ObjectHideFlags: 0
  m_PrefabParentObject: {fileID: 224224777793162856, guid: ea435e1887e371149a644a7ab083978d,
    type: 2}
  m_PrefabInternal: {fileID: 0}
  m_GameObject: {fileID: 1067098184}
  m_LocalRotation: {x: -0, y: -0, z: -0, w: 1}
  m_LocalPosition: {x: 0, y: 0, z: 0}
  m_LocalScale: {x: 1, y: 1, z: 1}
  m_Children:
  - {fileID: 356629366}
  - {fileID: 503693462}
  - {fileID: 2043316087}
  - {fileID: 918011666}
  - {fileID: 799604797}
  m_Father: {fileID: 15454655}
  m_RootOrder: 1
  m_LocalEulerAnglesHint: {x: 0, y: 0, z: 0}
  m_AnchorMin: {x: 0, y: 1}
  m_AnchorMax: {x: 0, y: 1}
  m_AnchoredPosition: {x: 346.8, y: -65.51504}
  m_SizeDelta: {x: 180, y: 30}
  m_Pivot: {x: 0, y: 1}
--- !u!114 &1067098186
MonoBehaviour:
  m_ObjectHideFlags: 0
  m_PrefabParentObject: {fileID: 114833852173930148, guid: ea435e1887e371149a644a7ab083978d,
    type: 2}
  m_PrefabInternal: {fileID: 0}
  m_GameObject: {fileID: 1067098184}
  m_Enabled: 1
  m_EditorHideFlags: 0
  m_Script: {fileID: 11500000, guid: 0470a46bb2230014c948aabf347063d5, type: 3}
  m_Name: 
  m_EditorClassIdentifier: 
  alertText: {fileID: 918011667}
  alertIcon: {fileID: 503693460}
  deleteButton: {fileID: 2043316088}
  alertIndex: 0
--- !u!114 &1067098187
MonoBehaviour:
  m_ObjectHideFlags: 0
  m_PrefabParentObject: {fileID: 114813784505497476, guid: ea435e1887e371149a644a7ab083978d,
    type: 2}
  m_PrefabInternal: {fileID: 0}
  m_GameObject: {fileID: 1067098184}
  m_Enabled: 1
  m_EditorHideFlags: 0
  m_Script: {fileID: 1679637790, guid: f70555f144d8491a825f0804e09c671c, type: 3}
  m_Name: 
  m_EditorClassIdentifier: 
  m_IgnoreLayout: 0
  m_MinWidth: -1
  m_MinHeight: -1
  m_PreferredWidth: -1
  m_PreferredHeight: -1
  m_FlexibleWidth: -1
  m_FlexibleHeight: -1
  m_LayoutPriority: 1
--- !u!1 &1136925314
GameObject:
  m_ObjectHideFlags: 0
  m_PrefabParentObject: {fileID: 1419444197774696, guid: ea435e1887e371149a644a7ab083978d,
    type: 2}
  m_PrefabInternal: {fileID: 0}
  serializedVersion: 5
  m_Component:
  - component: {fileID: 1136925315}
  - component: {fileID: 1136925316}
  m_Layer: 5
  m_Name: AlertList_UI
  m_TagString: Untagged
  m_Icon: {fileID: 0}
  m_NavMeshLayer: 0
  m_StaticEditorFlags: 0
  m_IsActive: 0
--- !u!224 &1136925315
RectTransform:
  m_ObjectHideFlags: 0
  m_PrefabParentObject: {fileID: 224483647614237508, guid: ea435e1887e371149a644a7ab083978d,
    type: 2}
  m_PrefabInternal: {fileID: 0}
  m_GameObject: {fileID: 1136925314}
  m_LocalRotation: {x: 0, y: 0, z: 0, w: 1}
  m_LocalPosition: {x: 0, y: 0, z: 0}
  m_LocalScale: {x: 1, y: 1, z: 1}
  m_Children:
  - {fileID: 811331981}
  - {fileID: 1403259138}
  m_Father: {fileID: 15454655}
  m_RootOrder: 2
  m_LocalEulerAnglesHint: {x: 0, y: 0, z: 0}
  m_AnchorMin: {x: 0.5, y: 0.5}
  m_AnchorMax: {x: 0.5, y: 0.5}
  m_AnchoredPosition: {x: 303, y: 0}
  m_SizeDelta: {x: 100, y: 100}
  m_Pivot: {x: 0.5, y: 0.5}
--- !u!114 &1136925316
MonoBehaviour:
  m_ObjectHideFlags: 0
  m_PrefabParentObject: {fileID: 114850137446755002, guid: ea435e1887e371149a644a7ab083978d,
    type: 2}
  m_PrefabInternal: {fileID: 0}
  m_GameObject: {fileID: 1136925314}
  m_Enabled: 1
  m_EditorHideFlags: 0
  m_Script: {fileID: 11500000, guid: 5e7d78716ae44b54d9bc3c60bab167b4, type: 3}
  m_Name: 
  m_EditorClassIdentifier: 
  alertPrefab: {fileID: 1776987216989266, guid: 178149924b4bc2d42847bc960ea3a32e,
    type: 2}
  layOut: {fileID: 1311723601}
  scrollBar: {fileID: 811331978}
  alerts: []
--- !u!1 &1311723599
GameObject:
  m_ObjectHideFlags: 0
  m_PrefabParentObject: {fileID: 1779553873864964, guid: ea435e1887e371149a644a7ab083978d,
    type: 2}
  m_PrefabInternal: {fileID: 0}
  serializedVersion: 5
  m_Component:
  - component: {fileID: 1311723600}
  - component: {fileID: 1311723602}
  - component: {fileID: 1311723601}
  m_Layer: 0
  m_Name: AlertList_Layout
  m_TagString: Untagged
  m_Icon: {fileID: 0}
  m_NavMeshLayer: 0
  m_StaticEditorFlags: 0
  m_IsActive: 1
--- !u!224 &1311723600
RectTransform:
  m_ObjectHideFlags: 0
  m_PrefabParentObject: {fileID: 224640396307307484, guid: ea435e1887e371149a644a7ab083978d,
    type: 2}
  m_PrefabInternal: {fileID: 0}
  m_GameObject: {fileID: 1311723599}
  m_LocalRotation: {x: -0, y: -0, z: -0, w: 1}
  m_LocalPosition: {x: 0, y: 0, z: 0}
  m_LocalScale: {x: 1, y: 1, z: 1}
  m_Children: []
  m_Father: {fileID: 1403259138}
  m_RootOrder: 1
  m_LocalEulerAnglesHint: {x: 0, y: 0, z: 0}
  m_AnchorMin: {x: 0.5, y: 1}
  m_AnchorMax: {x: 0.5, y: 1}
  m_AnchoredPosition: {x: 0, y: 0.000015258789}
  m_SizeDelta: {x: 1, y: 0}
  m_Pivot: {x: 0.5, y: 1}
--- !u!114 &1311723601
MonoBehaviour:
  m_ObjectHideFlags: 0
  m_PrefabParentObject: {fileID: 114119329883874868, guid: ea435e1887e371149a644a7ab083978d,
    type: 2}
  m_PrefabInternal: {fileID: 0}
  m_GameObject: {fileID: 1311723599}
  m_Enabled: 1
  m_EditorHideFlags: 0
  m_Script: {fileID: -2095666955, guid: f70555f144d8491a825f0804e09c671c, type: 3}
  m_Name: 
  m_EditorClassIdentifier: 
  m_Padding:
    m_Left: 0
    m_Right: 0
    m_Top: 0
    m_Bottom: 0
  m_ChildAlignment: 1
  m_StartCorner: 2
  m_StartAxis: 0
  m_CellSize: {x: 0, y: 40}
  m_Spacing: {x: 0, y: 0}
  m_Constraint: 1
  m_ConstraintCount: 1
--- !u!114 &1311723602
MonoBehaviour:
  m_ObjectHideFlags: 0
  m_PrefabParentObject: {fileID: 114581552416295928, guid: ea435e1887e371149a644a7ab083978d,
    type: 2}
  m_PrefabInternal: {fileID: 0}
  m_GameObject: {fileID: 1311723599}
  m_Enabled: 1
  m_EditorHideFlags: 0
  m_Script: {fileID: 1741964061, guid: f70555f144d8491a825f0804e09c671c, type: 3}
  m_Name: 
  m_EditorClassIdentifier: 
  m_HorizontalFit: 0
  m_VerticalFit: 2
--- !u!1 &1403259137
GameObject:
  m_ObjectHideFlags: 0
  m_PrefabParentObject: {fileID: 1174525214039428, guid: ea435e1887e371149a644a7ab083978d,
    type: 2}
  m_PrefabInternal: {fileID: 0}
  serializedVersion: 5
  m_Component:
  - component: {fileID: 1403259138}
  - component: {fileID: 1403259142}
  - component: {fileID: 1403259141}
  - component: {fileID: 1403259140}
  - component: {fileID: 1403259139}
  m_Layer: 5
  m_Name: AlertList_BackgroundPanel
  m_TagString: Untagged
  m_Icon: {fileID: 0}
  m_NavMeshLayer: 0
  m_StaticEditorFlags: 0
  m_IsActive: 1
--- !u!224 &1403259138
RectTransform:
  m_ObjectHideFlags: 0
  m_PrefabParentObject: {fileID: 224896020079881324, guid: ea435e1887e371149a644a7ab083978d,
    type: 2}
  m_PrefabInternal: {fileID: 0}
  m_GameObject: {fileID: 1403259137}
  m_LocalRotation: {x: -0, y: -0, z: -0, w: 1}
  m_LocalPosition: {x: 0, y: 0, z: 0}
  m_LocalScale: {x: 1, y: 1, z: 1}
  m_Children:
  - {fileID: 391462224}
  - {fileID: 1311723600}
  m_Father: {fileID: 1136925315}
  m_RootOrder: 1
  m_LocalEulerAnglesHint: {x: 0, y: 0, z: 0}
  m_AnchorMin: {x: 0, y: 0}
  m_AnchorMax: {x: 1, y: 1}
  m_AnchoredPosition: {x: 0, y: -0.0000076293945}
  m_SizeDelta: {x: 90.1, y: 350.25}
  m_Pivot: {x: 0.5, y: 0.5}
--- !u!114 &1403259139
MonoBehaviour:
  m_ObjectHideFlags: 0
  m_PrefabParentObject: {fileID: 114136776195165666, guid: ea435e1887e371149a644a7ab083978d,
    type: 2}
  m_PrefabInternal: {fileID: 0}
  m_GameObject: {fileID: 1403259137}
  m_Enabled: 1
  m_EditorHideFlags: 0
  m_Script: {fileID: 1367256648, guid: f70555f144d8491a825f0804e09c671c, type: 3}
  m_Name: 
  m_EditorClassIdentifier: 
  m_Content: {fileID: 1311723600}
  m_Horizontal: 0
  m_Vertical: 1
  m_MovementType: 2
  m_Elasticity: 0.1
  m_Inertia: 1
  m_DecelerationRate: 0.135
  m_ScrollSensitivity: 75
  m_Viewport: {fileID: 0}
  m_HorizontalScrollbar: {fileID: 0}
  m_VerticalScrollbar: {fileID: 811331978}
  m_HorizontalScrollbarVisibility: 0
  m_VerticalScrollbarVisibility: 1
  m_HorizontalScrollbarSpacing: 0
  m_VerticalScrollbarSpacing: 0
  m_OnValueChanged:
    m_PersistentCalls:
      m_Calls: []
    m_TypeName: UnityEngine.UI.ScrollRect+ScrollRectEvent, UnityEngine.UI, Version=1.0.0.0,
      Culture=neutral, PublicKeyToken=null
--- !u!114 &1403259140
MonoBehaviour:
  m_ObjectHideFlags: 0
  m_PrefabParentObject: {fileID: 114601767046601770, guid: ea435e1887e371149a644a7ab083978d,
    type: 2}
  m_PrefabInternal: {fileID: 0}
  m_GameObject: {fileID: 1403259137}
  m_Enabled: 1
  m_EditorHideFlags: 0
  m_Script: {fileID: -1200242548, guid: f70555f144d8491a825f0804e09c671c, type: 3}
  m_Name: 
  m_EditorClassIdentifier: 
  m_ShowMaskGraphic: 1
--- !u!114 &1403259141
MonoBehaviour:
  m_ObjectHideFlags: 0
  m_PrefabParentObject: {fileID: 114397624284593426, guid: ea435e1887e371149a644a7ab083978d,
    type: 2}
  m_PrefabInternal: {fileID: 0}
  m_GameObject: {fileID: 1403259137}
  m_Enabled: 1
  m_EditorHideFlags: 0
  m_Script: {fileID: -765806418, guid: f70555f144d8491a825f0804e09c671c, type: 3}
  m_Name: 
  m_EditorClassIdentifier: 
  m_Material: {fileID: 0}
  m_Color: {r: 1, g: 1, b: 1, a: 0.392}
  m_RaycastTarget: 0
  m_OnCullStateChanged:
    m_PersistentCalls:
      m_Calls: []
    m_TypeName: UnityEngine.UI.MaskableGraphic+CullStateChangedEvent, UnityEngine.UI,
      Version=1.0.0.0, Culture=neutral, PublicKeyToken=null
  m_Sprite: {fileID: 10907, guid: 0000000000000000f000000000000000, type: 0}
  m_Type: 1
  m_PreserveAspect: 0
  m_FillCenter: 1
  m_FillMethod: 4
  m_FillAmount: 1
  m_FillClockwise: 1
  m_FillOrigin: 0
--- !u!222 &1403259142
CanvasRenderer:
  m_ObjectHideFlags: 0
  m_PrefabParentObject: {fileID: 222442042030322726, guid: ea435e1887e371149a644a7ab083978d,
    type: 2}
  m_PrefabInternal: {fileID: 0}
  m_GameObject: {fileID: 1403259137}
--- !u!1001 &1494585318
Prefab:
  m_ObjectHideFlags: 0
  serializedVersion: 2
  m_Modification:
    m_TransformParent: {fileID: 0}
    m_Modifications:
    - target: {fileID: 4519993966511778, guid: a76d52b0c2414ca4fab271678b24e888, type: 2}
      propertyPath: m_LocalPosition.x
      value: 0
      objectReference: {fileID: 0}
    - target: {fileID: 4519993966511778, guid: a76d52b0c2414ca4fab271678b24e888, type: 2}
      propertyPath: m_LocalPosition.y
      value: 1
      objectReference: {fileID: 0}
    - target: {fileID: 4519993966511778, guid: a76d52b0c2414ca4fab271678b24e888, type: 2}
      propertyPath: m_LocalPosition.z
      value: -10
      objectReference: {fileID: 0}
    - target: {fileID: 4519993966511778, guid: a76d52b0c2414ca4fab271678b24e888, type: 2}
      propertyPath: m_LocalRotation.x
      value: -0
      objectReference: {fileID: 0}
    - target: {fileID: 4519993966511778, guid: a76d52b0c2414ca4fab271678b24e888, type: 2}
      propertyPath: m_LocalRotation.y
      value: -0
      objectReference: {fileID: 0}
    - target: {fileID: 4519993966511778, guid: a76d52b0c2414ca4fab271678b24e888, type: 2}
      propertyPath: m_LocalRotation.z
      value: -0
      objectReference: {fileID: 0}
    - target: {fileID: 4519993966511778, guid: a76d52b0c2414ca4fab271678b24e888, type: 2}
      propertyPath: m_LocalRotation.w
      value: 1
      objectReference: {fileID: 0}
    - target: {fileID: 4519993966511778, guid: a76d52b0c2414ca4fab271678b24e888, type: 2}
      propertyPath: m_RootOrder
      value: 1
      objectReference: {fileID: 0}
    - target: {fileID: 1323588428302940, guid: a76d52b0c2414ca4fab271678b24e888, type: 2}
      propertyPath: m_IsActive
      value: 1
      objectReference: {fileID: 0}
    - target: {fileID: 1947376345696778, guid: a76d52b0c2414ca4fab271678b24e888, type: 2}
      propertyPath: m_IsActive
      value: 1
      objectReference: {fileID: 0}
    m_RemovedComponents:
    - {fileID: 114407374979085986, guid: a76d52b0c2414ca4fab271678b24e888, type: 2}
    - {fileID: 92966281078718082, guid: a76d52b0c2414ca4fab271678b24e888, type: 2}
  m_ParentPrefab: {fileID: 100100000, guid: a76d52b0c2414ca4fab271678b24e888, type: 2}
  m_IsPrefabParent: 0
--- !u!224 &1665908641 stripped
RectTransform:
  m_PrefabParentObject: {fileID: 224101805754973348, guid: fbfae2ae46ad99447bfcca2f383cd608,
    type: 2}
  m_PrefabInternal: {fileID: 84868075}
--- !u!1 &1926652294
GameObject:
  m_ObjectHideFlags: 0
  m_PrefabParentObject: {fileID: 0}
  m_PrefabInternal: {fileID: 0}
  serializedVersion: 5
  m_Component:
  - component: {fileID: 1926652296}
  - component: {fileID: 1926652295}
  - component: {fileID: 1926652297}
  m_Layer: 0
  m_Name: Directional Light
  m_TagString: Untagged
  m_Icon: {fileID: 0}
  m_NavMeshLayer: 0
  m_StaticEditorFlags: 0
  m_IsActive: 1
--- !u!108 &1926652295
Light:
  m_ObjectHideFlags: 0
  m_PrefabParentObject: {fileID: 0}
  m_PrefabInternal: {fileID: 0}
  m_GameObject: {fileID: 1926652294}
  m_Enabled: 1
  serializedVersion: 8
  m_Type: 1
  m_Color: {r: 1, g: 0.95686275, b: 0.8392157, a: 1}
  m_Intensity: 1
  m_Range: 10
  m_SpotAngle: 30
  m_CookieSize: 10
  m_Shadows:
    m_Type: 2
    m_Resolution: -1
    m_CustomResolution: -1
    m_Strength: 1
    m_Bias: 0.05
    m_NormalBias: 0.4
    m_NearPlane: 0.2
  m_Cookie: {fileID: 0}
  m_DrawHalo: 0
  m_Flare: {fileID: 0}
  m_RenderMode: 0
  m_CullingMask:
    serializedVersion: 2
    m_Bits: 4294967295
  m_Lightmapping: 4
  m_AreaSize: {x: 1, y: 1}
  m_BounceIntensity: 1
  m_ColorTemperature: 6570
  m_UseColorTemperature: 0
  m_ShadowRadius: 0
  m_ShadowAngle: 0
--- !u!4 &1926652296
Transform:
  m_ObjectHideFlags: 0
  m_PrefabParentObject: {fileID: 0}
  m_PrefabInternal: {fileID: 0}
  m_GameObject: {fileID: 1926652294}
  m_LocalRotation: {x: 0.40821788, y: -0.23456968, z: 0.10938163, w: 0.8754261}
  m_LocalPosition: {x: 0, y: 3, z: 0}
  m_LocalScale: {x: 1, y: 1, z: 1}
  m_Children: []
  m_Father: {fileID: 0}
  m_RootOrder: 0
  m_LocalEulerAnglesHint: {x: 50, y: -30, z: 0}
--- !u!114 &1926652297
MonoBehaviour:
  m_ObjectHideFlags: 0
  m_PrefabParentObject: {fileID: 0}
  m_PrefabInternal: {fileID: 0}
  m_GameObject: {fileID: 1926652294}
  m_Enabled: 1
  m_EditorHideFlags: 0
  m_Script: {fileID: 11500000, guid: bbb074cb130f3354595cf723b52da126, type: 3}
  m_Name: 
  m_EditorClassIdentifier: 
--- !u!1 &2043316086
GameObject:
  m_ObjectHideFlags: 0
  m_PrefabParentObject: {fileID: 1857152852260752, guid: ea435e1887e371149a644a7ab083978d,
    type: 2}
  m_PrefabInternal: {fileID: 0}
  serializedVersion: 5
  m_Component:
  - component: {fileID: 2043316087}
  - component: {fileID: 2043316090}
  - component: {fileID: 2043316089}
  - component: {fileID: 2043316088}
  m_Layer: 5
  m_Name: Alert_DeleteButton
  m_TagString: Untagged
  m_Icon: {fileID: 0}
  m_NavMeshLayer: 0
  m_StaticEditorFlags: 0
  m_IsActive: 1
--- !u!224 &2043316087
RectTransform:
  m_ObjectHideFlags: 0
  m_PrefabParentObject: {fileID: 224292081643640252, guid: ea435e1887e371149a644a7ab083978d,
    type: 2}
  m_PrefabInternal: {fileID: 0}
  m_GameObject: {fileID: 2043316086}
  m_LocalRotation: {x: 0, y: 0, z: 0, w: 1}
  m_LocalPosition: {x: 0, y: 0, z: 0}
  m_LocalScale: {x: 1, y: 1, z: 1}
  m_Children:
  - {fileID: 988938366}
  m_Father: {fileID: 1067098185}
  m_RootOrder: 2
  m_LocalEulerAnglesHint: {x: 0, y: 0, z: 0}
  m_AnchorMin: {x: 0.5, y: 0.5}
  m_AnchorMax: {x: 0.5, y: 0.5}
  m_AnchoredPosition: {x: 65.9, y: 0}
  m_SizeDelta: {x: 20, y: 20}
  m_Pivot: {x: 0.5, y: 0.5}
--- !u!114 &2043316088
MonoBehaviour:
  m_ObjectHideFlags: 0
  m_PrefabParentObject: {fileID: 114925055236821678, guid: ea435e1887e371149a644a7ab083978d,
    type: 2}
  m_PrefabInternal: {fileID: 0}
  m_GameObject: {fileID: 2043316086}
  m_Enabled: 1
  m_EditorHideFlags: 0
  m_Script: {fileID: 1392445389, guid: f70555f144d8491a825f0804e09c671c, type: 3}
  m_Name: 
  m_EditorClassIdentifier: 
  m_Navigation:
    m_Mode: 3
    m_SelectOnUp: {fileID: 0}
    m_SelectOnDown: {fileID: 0}
    m_SelectOnLeft: {fileID: 0}
    m_SelectOnRight: {fileID: 0}
  m_Transition: 1
  m_Colors:
    m_NormalColor: {r: 1, g: 1, b: 1, a: 1}
    m_HighlightedColor: {r: 0.9607843, g: 0.9607843, b: 0.9607843, a: 1}
    m_PressedColor: {r: 0.78431374, g: 0.78431374, b: 0.78431374, a: 1}
    m_DisabledColor: {r: 0.78431374, g: 0.78431374, b: 0.78431374, a: 0.5019608}
    m_ColorMultiplier: 1
    m_FadeDuration: 0.1
  m_SpriteState:
    m_HighlightedSprite: {fileID: 0}
    m_PressedSprite: {fileID: 0}
    m_DisabledSprite: {fileID: 0}
  m_AnimationTriggers:
    m_NormalTrigger: Normal
    m_HighlightedTrigger: Highlighted
    m_PressedTrigger: Pressed
    m_DisabledTrigger: Disabled
  m_Interactable: 1
  m_TargetGraphic: {fileID: 2043316089}
  m_OnClick:
    m_PersistentCalls:
      m_Calls:
      - m_Target: {fileID: 1067098186}
        m_MethodName: DismissAlert
        m_Mode: 1
        m_Arguments:
          m_ObjectArgument: {fileID: 0}
          m_ObjectArgumentAssemblyTypeName: UnityEngine.Object, UnityEngine
          m_IntArgument: 0
          m_FloatArgument: 0
          m_StringArgument: 
          m_BoolArgument: 0
        m_CallState: 2
    m_TypeName: UnityEngine.UI.Button+ButtonClickedEvent, UnityEngine.UI, Version=1.0.0.0,
      Culture=neutral, PublicKeyToken=null
--- !u!114 &2043316089
MonoBehaviour:
  m_ObjectHideFlags: 0
  m_PrefabParentObject: {fileID: 114920965494370408, guid: ea435e1887e371149a644a7ab083978d,
    type: 2}
  m_PrefabInternal: {fileID: 0}
  m_GameObject: {fileID: 2043316086}
  m_Enabled: 1
  m_EditorHideFlags: 0
  m_Script: {fileID: -765806418, guid: f70555f144d8491a825f0804e09c671c, type: 3}
  m_Name: 
  m_EditorClassIdentifier: 
  m_Material: {fileID: 0}
  m_Color: {r: 1, g: 1, b: 1, a: 1}
  m_RaycastTarget: 1
  m_OnCullStateChanged:
    m_PersistentCalls:
      m_Calls: []
    m_TypeName: UnityEngine.UI.MaskableGraphic+CullStateChangedEvent, UnityEngine.UI,
      Version=1.0.0.0, Culture=neutral, PublicKeyToken=null
  m_Sprite: {fileID: 10905, guid: 0000000000000000f000000000000000, type: 0}
  m_Type: 1
  m_PreserveAspect: 0
  m_FillCenter: 1
  m_FillMethod: 4
  m_FillAmount: 1
  m_FillClockwise: 1
  m_FillOrigin: 0
--- !u!222 &2043316090
CanvasRenderer:
  m_ObjectHideFlags: 0
  m_PrefabParentObject: {fileID: 222937103909187942, guid: ea435e1887e371149a644a7ab083978d,
    type: 2}
  m_PrefabInternal: {fileID: 0}
  m_GameObject: {fileID: 2043316086}
